@phdthesis{these_modelisation,
  TITLE = {{Modelling inter-individual variability in plant growth models and model selection for prediction}},
  AUTHOR = {Baey, Charlotte},
  URL = {https://tel.archives-ouvertes.fr/tel-00985747},
  NUMBER = {2014ECAP0024},
  SCHOOL = {{Ecole Centrale Paris}},
  YEAR = {2014},
  MONTH = Feb,
  KEYWORDS = {MCMC methods ; Structural-functional models ; Nonlinear mixed models ; Plant growth models ; Mod{\`e}les de croissance de plantes ; Greenlab ; Mod{\`e}les non lin{\'e}aires mixtes ; Mod{\`e}les structure-fonction},
  TYPE = {Theses},
  PDF = {https://tel.archives-ouvertes.fr/tel-00985747/file/these_CBaey_2014.pdf},
  HAL_ID = {tel-00985747},
  HAL_VERSION = {v2},
}
@article{article_intro_generale,
  TITLE = {{Development and Evaluation of Plant Growth Models: Methodology and Implementation in the PYGMALION platform}},
  AUTHOR = {Courn{\`e}de, Paul-Henry and Chen, Yuting and Wu, Qiongli and Baey, Charlotte and Bayol, Beno{\^i}t},
  URL = {https://hal-ecp.archives-ouvertes.fr/hal-00860902},
  JOURNAL = {{Mathematical Modelling of Natural Phenomena}},
  PUBLISHER = {{EDP Sciences}},
  VOLUME = {8},
  NUMBER = {4},
  PAGES = {112-130},
  YEAR = {2013},
  MONTH = Jun,
  KEYWORDS = {good modelling practice ; sensitivity analysis ; uncertainty analysis ; parameter estimation ; particle filtering ; data assimilation ; plant growth models ; LNAS model},
  PDF = {https://hal-ecp.archives-ouvertes.fr/hal-00860902/file/Cournede_etal_2013_MMNP8_4_.pdf},
  HAL_ID = {hal-00860902},
  HAL_VERSION = {v1},
}
@online{histoire_mod_plantes,
  title = {Une histoire de la modélisation des plantes},
  author = {Philippe de Reffye and Marc Jaeger and Paul-Henry Cournède},
  url = {https://interstices.info/jcms/c_38032/une-histoire-de-la-modelisation-des-plantes},
  year = {2009},
  month = "04",
}
@article{lnas_model_wheat,
  title = {LNAS model for wheat with soil coupling},
  author = {Pierre Carmier},
  year = {2015},
  month = "11"
}
@online{wiki:stomate,
  title = {Stomate --- {W}ikipedia{,} The Free Encyclopedia},
  author = {Wikipedia},
  url = {https://fr.wikipedia.org/wiki/Stomate}
}
@online{wiki:agri_prec,
  title = {Agriculture de précision --- {W}ikipedia{,} The Free Encyclopedia},
  author = {Wikipedia},
  url = {https://fr.wikipedia.org/wiki/Agriculture_de_précision}
}
@misc{emission_agri_particules,
  title = {Les émissions agricoles de particules dans l’air.},
  organization = {Agence de l'Environnement et de la Maîtrise de l'Energie},
  isbn = {978-2-35838-220-5},
  url = {http://www.chambres-agriculture.fr/fileadmin/user_upload/thematiques/Produire_durablement/Energies_biomasse/Emissions_agricoles_particules.pdf}
}
@online{vegedrones,
  organization = {VisioDrones SA. Service d'imagerie par système de drones.},
  url = {http://www.visiodrones.com/produits/vegedrones/}
}
@online{wiki:popu_mondiale,
  title = {Population mondiale --- {W}ikipedia{,} The Free Encyclopedia},
  author = {Wikipedia},
  url = {https://fr.wikipedia.org/wiki/Population_mondiale}
}
@book{guerif2007agriculture,
  title={Agriculture de pr{\'e}cision},
  author={Gu{\'e}rif, Martine and King, Dominique},
  year={2007},
  publisher={{\'E}ditions Qu{\ae}}
}
@misc{jullien2005agriculture,
  title={Agriculture de pr{\'e}cision},
  author={Jullien, A and Huet, P},
  year={2005},
  publisher={LAURENT C., THINON P.,({\'e}ds.), Agricultures et territoires, Paris: Hermes Science Publications (Lavoisier)},
  url = {https://tice.agroparistech.fr/coursenligne/courses/SIAFEEAGRONOMIE9cea/document/machinisme/themes/documents/synthese.pdf}
}
@book{LSystem,
  title={The algorithmic beauty of plants},
  author={Prusinkiewicz, Przemyslaw and Lindenmayer, Aristid},
  year={2012},
  publisher={Springer Science \& Business Media}
}
@online{GES,
  title = {Quelle contribution de l’agriculture française à la réduction des émissions de gaz à effet de serre ?},	
  url = {http://institut.inra.fr/Missions/Eclairer-les-decisions/Etudes/Toutes-les-actualites/Etude-Reduction-des-GES-en-agriculture},
  year={2013}
}
@book{hopkins2003physiologie,
  title={Physiologie v{\'e}g{\'e}tale},
  author={Hopkins, William G},
  year={2003},
  publisher={De Boeck Sup{\'e}rieur}
}
@article{zwaenepoel1997agriculture,
  title={L'agriculture de pr{\'e}cision},
  author={Zwaenepoel, Philippe and Le Bars, Jean-Michel},
  journal={Ing{\'e}nieries-EAT},
  number={12},
  pages={p--67},
  year={1997}
}
@online{aral,
  title = {Quatre gigantesques plans d'eau menacés de disparition},	
  url = {http://www.francetvinfo.fr/monde/environnement/en-images-quatre-gigantesques-plans-d-eau-menaces-de-disparition_708841.html},
  year={2014}
}
